<record><leader>00000cas a22000007a 4500</leader><controlfield tag="001">23685965</controlfield><controlfield tag="008">910503d1uuu19uuinuwr ne      0    0eng d</controlfield><datafield ind1=" " ind2=" " tag="010"><subfield code="a">sn 91099304 </subfield></datafield><datafield ind1=" " ind2=" " tag="040"><subfield code="a">NPI</subfield><subfield code="b">eng</subfield><subfield code="c">NPI</subfield><subfield code="d">NPI</subfield><subfield code="d">OCLCQ</subfield><subfield code="d">OCLCF</subfield><subfield code="d">OCLCO</subfield></datafield><datafield ind1=" " ind2=" " tag="042"><subfield code="a">msc</subfield></datafield><datafield ind1=" " ind2=" " tag="043"><subfield code="a">n-us-in</subfield></datafield><datafield ind1="0" ind2="4" tag="245"><subfield code="a">The Ossian news.</subfield></datafield><datafield ind1=" " ind2=" " tag="260"><subfield code="a">Ossian, Wells Co., Ind. :</subfield><subfield code="b">Jas. H. Keefer</subfield></datafield><datafield ind1=" " ind2=" " tag="300"><subfield code="a">v. :</subfield><subfield code="b">ill.</subfield></datafield><datafield ind1=" " ind2=" " tag="310"><subfield code="a">Weekly</subfield></datafield><datafield ind1=" " ind2=" " tag="588"><subfield code="a">Description based on: Vol. 12, no. 596 (June 6, 1902).</subfield></datafield><datafield ind1=" " ind2="0" tag="651"><subfield code="a">Ossian (Ind.)</subfield><subfield code="v">Periodicals.</subfield></datafield><datafield ind1=" " ind2="7" tag="655"><subfield code="a">Periodicals.</subfield><subfield code="2">fast</subfield><subfield code="0">(OCoLC)fst01411641</subfield></datafield><datafield ind1=" " ind2="7" tag="651"><subfield code="a">Indiana</subfield><subfield code="z">Ossian.</subfield><subfield code="2">fast</subfield><subfield code="0">(OCoLC)fst01289793</subfield></datafield><datafield ind1=" " ind2=" " tag="752"><subfield code="a">United States</subfield><subfield code="b">Indiana</subfield><subfield code="c">Wells</subfield><subfield code="d">Ossian.</subfield></datafield><datafield ind1="0" ind2="0" tag="785"><subfield code="t">Ossian weekly news</subfield><subfield code="w">(DLC)sn2008060804</subfield></datafield></record>